
% Responsove Tables
% -----------------


@online{ITU,
  author       = "{ITU}",
  title        = "Individuals using the Internet 2005 to 2019",
  organization = "International Telecommunication Union",
  date         = "2019-11-05",
  url          = "https://itu.int/en/ITU-D/Statistics/Pages/stat/default.aspx",
}


@book{SharkiFisher,
  author       = "Craig Sharki and Andrew Fisher",
  title        = "Jump Start Responsive Web Design",
  publisher    = "SitePoint",
  date         = "2013-04-14",
  isbn         = "0987332163",
}
% ISBN-10: 0987332163
% ISBN-13: 978-0987332165


@online{HimanshuNegi,
  author       = "Himanshu Negi",
  title        = "Using Media Queries",
  date         = "2018-05-02",
  url          = "https://medium.com/beginners-guide-to-mobile-web-development/media-queries-54a1a463356f",
}


@article{A.A.Mohamed,
  author       = "Abdulrehman Mohamed and Cheruiyot W.K. and Richard Rimiru",
  title        = "An Enhanced Approach to Responsive Web Design
                  in Fluid Grid Concept",
  journal      = "International Journal of Scientific \& Engineering Research",
  issn         = "2229-5518",
  volume       = "6",
  number       = "6",
  date         = "2015-06",
  pages        = "1214--1224",
  url          = "https://www.ijser.org/researchpaper/An-Enhanced-Approach-to-Responsive-Web-Design-in-Fluid-Grid-Concept.pdf",
}
% Abdulrehman Mohamed, Dr. Cheruiyot W.K. PhD, & Dr. Richard Rimiru, PhD
% https://ijser.org/research-paper-publishing-june-2015_page6.aspx
% https://www.ijser.org/researchpaper/An-Enhanced-Approach-to-Responsive-Web-Design-in-Fluid-Grid-Concept.pdf



@book{B.Frain,
  author       = "Ben Frain",
  title        = "Responsive Web Design with HTML5 and CSS3",
  publisher    = "Packt Publishing",
  edition      = "2",
  isbn         = "1784398934",
  date         = "2017-08-18",
  pagetotal    = "312",
}
% ISBN-10: 1784398934
% ISBN-13: 978-1784398934



@online{HTML5Tutorial,
  author       = "{HTML5 Tutorial}",
  title        = "Basics of Tables",
  date         = "2019-12-10",
  url          = "https://html5-tutorial.net/tables/basics-of-tables/",
  urldate      = "2019-12-10",
}

@online{AdamWood,
  author       = "Adam Wood",
  title        = "HTML Tags",
  date         = "2019-12-10",
  url          = "https://html.com/tags/",
  urldate      = "2019-12-10",
}

@online{ChrisCoyier,
  author       = "Chris Coyier",
  title        = "Responsive Data Tables",
  date         = "2018-06-09",
  url          = "https://css-tricks.com/responsive-data-tables/",
  urldate      = "2019-12-10",
}

@online{Alligator,
  author       = "Alligator",
  title        = "Implementing A Pure CSS Collapsible",
  howpublished = "Alligator",
  date         = "2019",
  url          = "https://alligator.io/css/collapsible/",
  urldate      = "2019-12-03",
}

@online{HS,
  author       = "Andrew Coyle",
  title        = "Design better data tables",
  date         = "2017-05-07",
  url          = "https://uxdesign.cc/design-better-data-tables-4ecc99d23356",
  urldate      = "2019-12-10",
}

@online{HS_1,
  author       = "David Bushell",
  title        = "CSS only Responsive Tables",
  date         = "2016-03-04",
  url          = "https://dbushell.com/2016/03/04/css-only-responsive-tables/",
  urldate      = "2019-12-10",
}

@online{FH,
  author       = "{W3Schools}",
  title        = "CSS calc() Function",
  date         = "2019-12-10",
  url          = "https://w3schools.com/cssref/func_calc.asp",
  urldate      = "2019-12-10",
}

@online{FH_1,
  author       = "Frederic",
  title        = "Fixed header and scrollable body in table in html angular",
  date         = "2019-12-10",
  url          = "https://mdbootstrap.com/support/angular/fixed-header-and-scrollable-body-in-table-in-html-angular/",
  urldate      = "2019-12-10",
}

@online{PG,
  author       = "Brian Tompsett",
  title        = "How to use paging in a table in html",
  date         = "2018-02-24",
  url          = "https://stackoverflow.com/questions/48966595/how-to-use-paging-in-a-table-in-html/48966882",
  urldate      = "2019-12-10",
}

@online{PG_1,
  author       = "{SpryMedia}",
  title        = "DataTables",
  date         = "2019-12-10",
  url          = "https://datatables.net/",
  urldate      = "2019-12-10",
}

@online{PG_2,
  author       = "Irfan Ahmad",
  title        = "How Much Data Is Generated Every Minute",
  date         = "2018-06-15",
  url          = "https://www.socialmediatoday.com/news/how-much-data-is-generated-every-minute-infographic-1/525692/",
  urldate      = "2018-06-15",
}

@online{FS,
  author       = "Simon Elvery",
  title        = "Responsive Tables Demo",
  date         = "2019-12-10",
  url          = "https://elvery.net/demo/responsive-tables/",
  urldate      = "2019-12-10",
} 

@online{URC_1,
  author       = "{W3Schools}",
  title        = "CSS resize Property",
  date         = "2019-12-10",
  url          = "https://w3schools.com/cssref/css3_pr_resize.asp",
  urldate      = "2019-12-10",
}

@online{URC_2,
  author       = "{Jo-Geek}",
  title        = "jQuery Plugin For Resizeable Table Columns - ResizeableColumns",
  date         = "2019-11-15",
  url          = "https://www.jqueryscript.net/table/jQuery-Plugin-Resizable-Table-Columns.html",
  urldate      = "2019-12-10",
}

@online{L2C,
  author       = "CSS-Tricks",
  title        = "Responsive Table Demo",
  date         = "2019-12-10",
  url          = "https://codepen.io/team/css-tricks/pen/wXgJww",
  urldate      = "2019-12-10",
}

